
@article{Loera2009,
	author = {Loera, J. a. and Lee, J. and Margulies, S. and Onn, S.},
	title = {{E}xpressing {C}ombinatorial {P}roblems by {S}ystems of {P}olynomial {E}quations and {H}ilbert's {N}ullstellensatz},
	journal = {Comb. Probab. Comput.},
	volume = {18},
	number = {4},
	year = {2009},
	issn = {0963-5483},
	pages = {551--582},
	numpages = {32},
	publisher = {Cambridge University Press},
	address = {New York, NY, USA},
 }


@article{Loera2011,
	author = {Loera, J. a. and Lee, J.  and Malkin, P. N. and Margulies, S.},
	title = {{C}omputing infeasibility certificates for combinatorial problems through {H}ilbert's {N}ullstellensatz},
	journal = {Journal of Symbolic Computation},
	year = {2011},
}

@book{Ausgangsartikel,
	publisher = {Society for Industriell and Applied Mathematics},
	year = {2013},
	author = {Loera, J. a. and Lee, J.  and Hemmecke, R. and Köppe, M.},
	title = {Algebraic and Geometric Ideas in the Theory of Discrete Optimization},
}

@book{Diestel,
	publisher = {Springer},
	year = {2006},
	author = {Diestel, R.},
	title = {Graphentheorie},
}

@book{West,
	publisher = {Prentice Hall},
	year = {2001},
	author = {West, D. B.},
	title = {Introduction to Graph Theory},
}

@book{Karpfinger,
	publisher = {Springer},
	year = {2013},
	author = {Karpfinger, C. and Meyberg, K.},
	title = {Algebra. Gruppen - Ringe - Körper},
}
@article{Kompl1,
author = {C. Schwarz},
	title = {{D}ie {K}omplexitätsklasse {BQP} und ihre {B}eziehung zu klassischen {K}omplexitätsklassen},
	year = {2004},
}
@article{Kompl2,
author = {A. Nickelsen},
	title = {{K}omplexitätstheorie},
	year = {2006},
}